@article{edunov2018understanding,
	title={Understanding back-translation at scale},
	author={Edunov, Sergey and Ott, Myle and Auli, Michael and Grangier, David},
	journal={arXiv preprint arXiv:1808.09381},
	year={2018}
}

@inproceedings{wang2018three,
	title={Three Strategies to Improve One-to-Many Multilingual Translation},
	author={Wang, Yining and Zhang, Jiajun and Zhai, Feifei and Xu, Jingfang and Zong, Chengqing},
	booktitle={Proceedings of the 2018 Conference on Empirical Methods in Natural Language Processing},
	pages={2955--2960},
	year={2018}
}

@article{ma2018stacl,
	title={Stacl: Simultaneous translation with integrated anticipation and controllable latency},
	author={Ma, Mingbo and Huang, Liang and Xiong, Hao and Liu, Kaibo and Zhang, Chuanqiang and He, Zhongjun and Liu, Hairong and Li, Xing and Wang, Haifeng},
	journal={arXiv preprint arXiv:1810.08398},
	year={2018}
}

@article{peters2018deep,
	title={Deep contextualized word representations},
	author={Peters, Matthew E and Neumann, Mark and Iyyer, Mohit and Gardner, Matt and Clark, Christopher and Lee, Kenton and Zettlemoyer, Luke},
	journal={arXiv preprint arXiv:1802.05365},
	year={2018}
}

@inproceedings{mikolov2013distributed,
	title={Distributed representations of words and phrases and their compositionality},
	author={Mikolov, Tomas and Sutskever, Ilya and Chen, Kai and Corrado, Greg S and Dean, Jeff},
	booktitle={Advances in neural information processing systems},
	pages={3111--3119},
	year={2013}
}

@inproceedings{pennington2014glove,
	title={Glove: Global vectors for word representation},
	author={Pennington, Jeffrey and Socher, Richard and Manning, Christopher},
	booktitle={Proceedings of the 2014 conference on empirical methods in natural language processing (EMNLP)},
	pages={1532--1543},
	year={2014}
}

@article{bojanowski2016enriching,
	title={Enriching word vectors with subword information},
	author={Bojanowski, Piotr and Grave, Edouard and Joulin, Armand and Mikolov, Tomas},
	journal={arXiv preprint arXiv:1607.04606},
	year={2016}
}